@article{jarvis_march,
  title={On the identification of the convex hull of a finite set of points in the plane},
  author={Jarvis, R. A.},
  journal={Information Processing Letters},
  volume={4},
  number={3},
  pages={230--236},
  year={1973},
}

